<record><leader>00000cas a22000007a 4500</leader><controlfield tag="001">20551666</controlfield><controlfield tag="008">891026u1942uuuupausr ne      0    0eng d</controlfield><datafield ind1=" " ind2=" " tag="010"><subfield code="a">sn 89077260 </subfield></datafield><datafield ind1=" " ind2=" " tag="040"><subfield code="a">NPH</subfield><subfield code="b">eng</subfield><subfield code="c">NPH</subfield><subfield code="d">YOX</subfield><subfield code="d">OCLCQ</subfield><subfield code="d">OCLCF</subfield><subfield code="d">OCLCO</subfield></datafield><datafield ind1=" " ind2=" " tag="042"><subfield code="a">msc</subfield></datafield><datafield ind1=" " ind2=" " tag="043"><subfield code="a">n-us---</subfield></datafield><datafield ind1="0" ind2=" " tag="130"><subfield code="a">Eastern observer (Homestead, Pa.)</subfield></datafield><datafield ind1="1" ind2="4" tag="245"><subfield code="a">The eastern observer.</subfield></datafield><datafield ind1=" " ind2=" " tag="260"><subfield code="a">Homestead, Pa. :</subfield><subfield code="b">Eastern Observer,</subfield><subfield code="c">1942-</subfield></datafield><datafield ind1=" " ind2=" " tag="300"><subfield code="a">v. :</subfield><subfield code="b">ill.</subfield></datafield><datafield ind1=" " ind2=" " tag="310"><subfield code="a">Semimonthly</subfield></datafield><datafield ind1="0" ind2=" " tag="362"><subfield code="a">Vol. 1, no. 1 (Jan. 4, 1942)-</subfield></datafield><datafield ind1=" " ind2=" " tag="550"><subfield code="a">"Semi-official organ of the Pittsburgh Greek Rite Catholic Diocese."</subfield></datafield><datafield ind1=" " ind2="0" tag="650"><subfield code="a">Ruthenians</subfield><subfield code="z">United States</subfield><subfield code="v">Newspapers.</subfield></datafield><datafield ind1="2" ind2="0" tag="610"><subfield code="a">Catholic Church</subfield><subfield code="x">Dioceses</subfield><subfield code="v">Newspapers.</subfield></datafield><datafield ind1=" " ind2="7" tag="655"><subfield code="a">Newspapers.</subfield><subfield code="2">fast</subfield><subfield code="0">(OCoLC)fst01423814</subfield></datafield><datafield ind1="2" ind2="7" tag="610"><subfield code="a">Catholic Church.</subfield><subfield code="2">fast</subfield><subfield code="0">(OCoLC)fst00531720</subfield></datafield><datafield ind1=" " ind2="7" tag="650"><subfield code="a">Dioceses.</subfield><subfield code="2">fast</subfield><subfield code="0">(OCoLC)fst00894031</subfield></datafield><datafield ind1=" " ind2="7" tag="650"><subfield code="a">Ruthenians.</subfield><subfield code="2">fast</subfield><subfield code="0">(OCoLC)fst01102572</subfield></datafield><datafield ind1=" " ind2="7" tag="651"><subfield code="a">United States.</subfield><subfield code="2">fast</subfield><subfield code="0">(OCoLC)fst01204155</subfield></datafield><datafield ind1=" " ind2=" " tag="752"><subfield code="a">United States</subfield><subfield code="b">Pennsylvania</subfield><subfield code="c">Allegheny</subfield><subfield code="d">Homestead.</subfield></datafield></record>